[gd_scene load_steps=6 format=2]

[ext_resource path="res://ld43_tests/test_game/test_game.gd" type="Script" id=1]
[ext_resource path="res://ld43/scenes/game/game.tscn" type="PackedScene" id=2]
[ext_resource path="res://ld43/fonts/debug_8.tres" type="DynamicFont" id=3]
[ext_resource path="res://ld43/scenes/ui/game_messages.tscn" type="PackedScene" id=4]
[ext_resource path="res://ld43/scenes/ui/hud.tscn" type="PackedScene" id=5]

[node name="TestGame" type="Node2D"]

script = ExtResource( 1 )
gifts = 10
milk = 1
cookies = 0
coal = 0
lives = 3
elves = 3
spirit = 100

[node name="Game" parent="." index="0" instance=ExtResource( 2 )]

[node name="Debug" type="CanvasLayer" parent="." index="1"]

layer = 1
offset = Vector2( 0, 0 )
rotation = 0.0
scale = Vector2( 1, 1 )
transform = Transform2D( 1, 0, 0, 1, 0, 0 )

[node name="Label" type="Label" parent="Debug" index="0"]

anchor_left = 0.0
anchor_top = 0.0
anchor_right = 0.0
anchor_bottom = 0.0
margin_right = 40.0
margin_bottom = 14.0
rect_pivot_offset = Vector2( 0, 0 )
rect_clip_content = false
mouse_filter = 2
mouse_default_cursor_shape = 0
size_flags_horizontal = 1
size_flags_vertical = 4
custom_fonts/font = ExtResource( 3 )
percent_visible = 1.0
lines_skipped = 0
max_lines_visible = -1
_sections_unfolded = [ "custom_fonts" ]

[node name="VBoxContainer" type="VBoxContainer" parent="Debug" index="1"]

anchor_left = 1.0
anchor_top = 0.0
anchor_right = 1.0
anchor_bottom = 0.0
margin_left = -40.0
margin_bottom = 40.0
rect_pivot_offset = Vector2( 0, 0 )
rect_clip_content = false
mouse_filter = 1
mouse_default_cursor_shape = 0
size_flags_horizontal = 1
size_flags_vertical = 1
alignment = 0

[node name="Reset" type="Button" parent="Debug/VBoxContainer" index="0"]

anchor_left = 0.0
anchor_top = 0.0
anchor_right = 0.0
anchor_bottom = 0.0
margin_right = 40.0
margin_bottom = 14.0
rect_pivot_offset = Vector2( 0, 0 )
rect_clip_content = false
focus_mode = 2
mouse_filter = 0
mouse_default_cursor_shape = 0
size_flags_horizontal = 1
size_flags_vertical = 1
custom_fonts/font = ExtResource( 3 )
toggle_mode = false
enabled_focus_mode = 2
shortcut = null
group = null
text = "RESET"
flat = false
align = 1
_sections_unfolded = [ "custom_fonts" ]

[node name="GameMessages" parent="." index="2" instance=ExtResource( 4 )]

[node name="HUD" parent="." index="3" instance=ExtResource( 5 )]

[connection signal="pressed" from="Debug/VBoxContainer/Reset" to="." method="_on_Reset_pressed"]


