[gd_scene load_steps=7 format=2]

[ext_resource path="res://ld43/scenes/play/play.gd" type="Script" id=1]
[ext_resource path="res://ld43/fonts/debug_8.tres" type="DynamicFont" id=2]
[ext_resource path="res://ld43/scenes/ui/hud.tscn" type="PackedScene" id=3]
[ext_resource path="res://ld43/scenes/game/game.tscn" type="PackedScene" id=4]
[ext_resource path="res://ld43/scenes/ui/game_messages.tscn" type="PackedScene" id=5]
[ext_resource path="res://ld43/audio/POL-hitch-a-ride-short.wav" type="AudioStream" id=6]

[node name="Play" type="Node"]

script = ExtResource( 1 )
start_level = 0

[node name="Testing" type="CanvasLayer" parent="." index="0"]

layer = 1
offset = Vector2( 0, 0 )
rotation = 0.0
scale = Vector2( 1, 1 )
transform = Transform2D( 1, 0, 0, 1, 0, 0 )

[node name="VBoxContainer" type="VBoxContainer" parent="Testing" index="0"]

visible = false
anchor_left = 1.0
anchor_top = 0.0
anchor_right = 1.0
anchor_bottom = 0.0
margin_left = -40.0
margin_bottom = 40.0
rect_pivot_offset = Vector2( 0, 0 )
rect_clip_content = false
mouse_filter = 1
mouse_default_cursor_shape = 0
size_flags_horizontal = 1
size_flags_vertical = 1
alignment = 0

[node name="Reset" type="Button" parent="Testing/VBoxContainer" index="0"]

anchor_left = 0.0
anchor_top = 0.0
anchor_right = 0.0
anchor_bottom = 0.0
margin_right = 40.0
margin_bottom = 14.0
rect_pivot_offset = Vector2( 0, 0 )
rect_clip_content = false
focus_mode = 2
mouse_filter = 0
mouse_default_cursor_shape = 0
size_flags_horizontal = 1
size_flags_vertical = 1
custom_fonts/font = ExtResource( 2 )
toggle_mode = false
enabled_focus_mode = 2
shortcut = null
group = null
text = "RESET"
flat = false
align = 1
_sections_unfolded = [ "custom_fonts" ]

[node name="Next" type="Button" parent="Testing/VBoxContainer" index="1"]

anchor_left = 0.0
anchor_top = 0.0
anchor_right = 0.0
anchor_bottom = 0.0
margin_top = 18.0
margin_right = 40.0
margin_bottom = 32.0
rect_pivot_offset = Vector2( 0, 0 )
rect_clip_content = false
focus_mode = 2
mouse_filter = 0
mouse_default_cursor_shape = 0
size_flags_horizontal = 1
size_flags_vertical = 1
custom_fonts/font = ExtResource( 2 )
toggle_mode = false
enabled_focus_mode = 2
shortcut = null
group = null
text = "NEXT"
flat = false
align = 1
_sections_unfolded = [ "custom_fonts" ]

[node name="Prev" type="Button" parent="Testing/VBoxContainer" index="2"]

anchor_left = 0.0
anchor_top = 0.0
anchor_right = 0.0
anchor_bottom = 0.0
margin_top = 36.0
margin_right = 40.0
margin_bottom = 50.0
rect_pivot_offset = Vector2( 0, 0 )
rect_clip_content = false
focus_mode = 2
mouse_filter = 0
mouse_default_cursor_shape = 0
size_flags_horizontal = 1
size_flags_vertical = 1
custom_fonts/font = ExtResource( 2 )
toggle_mode = false
enabled_focus_mode = 2
shortcut = null
group = null
text = "PREV"
flat = false
align = 1
_sections_unfolded = [ "custom_fonts" ]

[node name="HUD" parent="." index="1" instance=ExtResource( 3 )]

[node name="Game" parent="." index="2" instance=ExtResource( 4 )]

[node name="GameMessages" parent="." index="3" instance=ExtResource( 5 )]

[node name="Tween" type="Tween" parent="." index="4"]

repeat = false
playback_process_mode = 1
playback_speed = 1.0
playback/active = false
playback/repeat = false
playback/speed = 1.0

[node name="Delay" type="Node2D" parent="." index="5"]

[node name="AudioStreamPlayer" type="AudioStreamPlayer" parent="." index="6"]

stream = ExtResource( 6 )
volume_db = 0.0
pitch_scale = 1.0
autoplay = true
mix_target = 0
bus = "Master"

[connection signal="pressed" from="Testing/VBoxContainer/Reset" to="." method="_on_Reset_pressed"]

[connection signal="pressed" from="Testing/VBoxContainer/Next" to="." method="_on_Next_pressed"]

[connection signal="pressed" from="Testing/VBoxContainer/Prev" to="." method="_on_Prev_pressed"]


