[gd_scene load_steps=12 format=2]

[ext_resource path="res://ld43/scenes/ui/hud.gd" type="Script" id=1]
[ext_resource path="res://ld43/fonts/joystix_10.tres" type="DynamicFont" id=2]
[ext_resource path="res://ld43/fonts/debug_8.tres" type="DynamicFont" id=3]
[ext_resource path="res://ld43_assets/spritesheet_ui_2.png" type="Texture" id=4]
[ext_resource path="res://ld43_assets/spritesheet_ui_1.png" type="Texture" id=5]
[ext_resource path="res://ld43_assets/spritesheet.png" type="Texture" id=6]
[ext_resource path="res://ld43_assets/santa.png" type="Texture" id=7]
[ext_resource path="res://ld43_assets/spritesheet_ui_3.png" type="Texture" id=8]
[ext_resource path="res://ld43_assets/spritesheet_ui_4.png" type="Texture" id=9]

[sub_resource type="Animation" id=1]

resource_name = "empty"
length = 2.0
loop = true
step = 0.1
tracks/0/type = "value"
tracks/0/path = NodePath("Sprite:scale")
tracks/0/interp = 1
tracks/0/loop_wrap = true
tracks/0/imported = false
tracks/0/enabled = true
tracks/0/keys = {
"times": PoolRealArray( 0, 1, 2 ),
"transitions": PoolRealArray( 1, 1, 1 ),
"update": 0,
"values": [ Vector2( -1, 1 ), Vector2( -2, 2 ), Vector2( -1, 1 ) ]
}

[sub_resource type="Animation" id=2]

resource_name = "full"
length = 1.0
loop = false
step = 0.1
tracks/0/type = "value"
tracks/0/path = NodePath("Sprite:scale")
tracks/0/interp = 1
tracks/0/loop_wrap = true
tracks/0/imported = false
tracks/0/enabled = true
tracks/0/keys = {
"times": PoolRealArray( 0, 1 ),
"transitions": PoolRealArray( 1, 1 ),
"update": 0,
"values": [ Vector2( -1, 1 ), Vector2( -1, 1 ) ]
}

[node name="HUD" type="CanvasLayer"]

layer = 1
offset = Vector2( 0, 0 )
rotation = 0.0
scale = Vector2( 1, 1 )
transform = Transform2D( 1, 0, 0, 1, 0, 0 )
script = ExtResource( 1 )

[node name="Score" type="Label" parent="." index="0"]

anchor_left = 0.0
anchor_top = 0.0
anchor_right = 0.0
anchor_bottom = 0.0
margin_left = 8.0
margin_top = 6.0
margin_right = 48.0
margin_bottom = 18.0
rect_pivot_offset = Vector2( 0, 0 )
rect_clip_content = false
mouse_filter = 2
mouse_default_cursor_shape = 0
size_flags_horizontal = 0
size_flags_vertical = 4
custom_fonts/font = ExtResource( 2 )
text = "SCORE"
percent_visible = 1.0
lines_skipped = 0
max_lines_visible = -1
_sections_unfolded = [ "Margin", "Rect", "Size Flags", "custom_fonts" ]

[node name="Bonus" type="Label" parent="." index="1"]

anchor_left = 0.0
anchor_top = 0.0
anchor_right = 0.0
anchor_bottom = 0.0
margin_left = 63.0
margin_top = 9.0
margin_right = 103.0
margin_bottom = 21.0
rect_pivot_offset = Vector2( 0, 0 )
rect_clip_content = false
mouse_filter = 2
mouse_default_cursor_shape = 0
size_flags_horizontal = 0
size_flags_vertical = 4
custom_fonts/font = ExtResource( 3 )
text = "BONUS"
align = 1
valign = 1
percent_visible = 1.0
lines_skipped = 0
max_lines_visible = -1
_sections_unfolded = [ "Margin", "Rect", "Size Flags", "custom_fonts" ]

[node name="#Bonus" type="Label" parent="." index="2"]

anchor_left = 0.0
anchor_top = 0.0
anchor_right = 0.0
anchor_bottom = 0.0
margin_left = 57.0
margin_top = 18.0
margin_right = 108.0
margin_bottom = 29.0
rect_pivot_offset = Vector2( 0, 0 )
rect_clip_content = false
mouse_filter = 2
mouse_default_cursor_shape = 0
size_flags_horizontal = 0
size_flags_vertical = 4
custom_fonts/font = ExtResource( 3 )
custom_colors/font_color = Color( 1, 1, 0, 1 )
text = "X10"
align = 1
valign = 1
percent_visible = 1.0
lines_skipped = 0
max_lines_visible = -1
_sections_unfolded = [ "Margin", "Rect", "Size Flags", "custom_colors", "custom_fonts" ]

[node name="#Score" type="Label" parent="." index="3"]

anchor_left = 0.0
anchor_top = 0.0
anchor_right = 0.0
anchor_bottom = 0.0
margin_left = 8.0
margin_top = 17.0
margin_right = 56.0
margin_bottom = 29.0
rect_pivot_offset = Vector2( 0, 0 )
rect_clip_content = false
mouse_filter = 2
mouse_default_cursor_shape = 0
size_flags_horizontal = 0
size_flags_vertical = 4
custom_fonts/font = ExtResource( 2 )
custom_colors/font_color = Color( 1, 1, 0, 1 )
text = "000000"
percent_visible = 1.0
lines_skipped = 0
max_lines_visible = -1
_sections_unfolded = [ "Size Flags", "custom_colors", "custom_fonts" ]

[node name="HiScore" type="Label" parent="." index="4"]

anchor_left = 1.0
anchor_top = 0.0
anchor_right = 1.0
anchor_bottom = 0.0
margin_left = -61.0
margin_top = 5.0
margin_right = -5.0
margin_bottom = 17.0
rect_pivot_offset = Vector2( 0, 0 )
rect_clip_content = false
mouse_filter = 2
mouse_default_cursor_shape = 0
size_flags_horizontal = 0
size_flags_vertical = 4
custom_fonts/font = ExtResource( 2 )
text = "HI"
align = 2
percent_visible = 1.0
lines_skipped = 0
max_lines_visible = -1
_sections_unfolded = [ "Size Flags", "custom_fonts" ]

[node name="#HiScore" type="Label" parent="." index="5"]

anchor_left = 0.0
anchor_top = 0.0
anchor_right = 0.0
anchor_bottom = 0.0
margin_left = 428.0
margin_top = 18.0
margin_right = 476.0
margin_bottom = 30.0
rect_pivot_offset = Vector2( 0, 0 )
rect_clip_content = false
mouse_filter = 2
mouse_default_cursor_shape = 0
size_flags_horizontal = 0
size_flags_vertical = 4
custom_fonts/font = ExtResource( 2 )
custom_colors/font_color = Color( 1, 1, 0, 1 )
text = "000000"
align = 2
percent_visible = 1.0
lines_skipped = 0
max_lines_visible = -1
_sections_unfolded = [ "Size Flags", "custom_colors", "custom_fonts" ]

[node name="Spirit" type="TextureProgress" parent="." index="6"]

self_modulate = Color( 0, 1, 0, 1 )
anchor_left = 0.0
anchor_top = 0.0
anchor_right = 0.0
anchor_bottom = 0.0
margin_left = 119.0
margin_top = 16.0
margin_right = 367.0
margin_bottom = 56.0
rect_pivot_offset = Vector2( 0, 0 )
rect_clip_content = false
mouse_filter = 1
mouse_default_cursor_shape = 0
size_flags_horizontal = 1
size_flags_vertical = 1
min_value = 0.0
max_value = 50.0
step = 1.0
page = 0.0
value = 50.0
exp_edit = false
rounded = false
texture_under = null
texture_over = ExtResource( 4 )
texture_progress = ExtResource( 5 )
radial_fill_degrees = 360.0
radial_center_offset = Vector2( 0, 0 )
nine_patch_stretch = true
stretch_margin_left = 3
stretch_margin_right = 3
_sections_unfolded = [ "Rect", "Size Flags", "Textures", "Visibility" ]

[node name="Panel" type="Panel" parent="." index="7"]

self_modulate = Color( 1, 1, 1, 0.707176 )
anchor_left = 0.0
anchor_top = 1.0
anchor_right = 1.0
anchor_bottom = 1.0
margin_top = -30.0
rect_pivot_offset = Vector2( 0, 0 )
rect_clip_content = false
mouse_filter = 2
mouse_default_cursor_shape = 0
size_flags_horizontal = 1
size_flags_vertical = 1
_sections_unfolded = [ "Mouse" ]

[node name="Gifts" type="Container" parent="." index="8"]

editor/display_folded = true
anchor_left = 0.0
anchor_top = 1.0
anchor_right = 0.0
anchor_bottom = 1.0
margin_top = -40.0
margin_right = 40.0
rect_pivot_offset = Vector2( 0, 0 )
rect_clip_content = false
mouse_filter = 2
mouse_default_cursor_shape = 0
size_flags_horizontal = 1
size_flags_vertical = 1
_sections_unfolded = [ "Mouse", "Rect" ]

[node name="Sprite" type="Sprite" parent="Gifts" index="0"]

scale = Vector2( 0.5, 0.5 )
texture = ExtResource( 6 )
offset = Vector2( 20, 40 )
region_enabled = true
region_rect = Rect2( 160, 280, 40, 40 )
_sections_unfolded = [ "Offset", "Region", "Transform" ]

[node name="#Gifts" type="Label" parent="Gifts" index="1"]

anchor_left = 0.0
anchor_top = 0.0
anchor_right = 0.0
anchor_bottom = 1.0
margin_left = 25.0
margin_top = 18.0
margin_right = 73.0
margin_bottom = -10.0
rect_pivot_offset = Vector2( 0, 0 )
rect_clip_content = false
mouse_filter = 2
mouse_default_cursor_shape = 0
size_flags_horizontal = 0
size_flags_vertical = 4
custom_fonts/font = ExtResource( 2 )
custom_colors/font_color = Color( 1, 1, 0, 1 )
text = "99/99"
percent_visible = 1.0
lines_skipped = 0
max_lines_visible = -1
_sections_unfolded = [ "Anchor", "Rect" ]

[node name="Bag" type="Container" parent="." index="9"]

anchor_left = 0.0
anchor_top = 1.0
anchor_right = 0.0
anchor_bottom = 1.0
margin_left = 10.0
margin_top = -248.0
margin_right = 50.0
margin_bottom = -208.0
rect_pivot_offset = Vector2( 0, 0 )
rect_clip_content = false
mouse_filter = 2
mouse_default_cursor_shape = 0
size_flags_horizontal = 1
size_flags_vertical = 1
_sections_unfolded = [ "Mouse", "Rect" ]

[node name="Sprite" type="Sprite" parent="Bag" index="0"]

position = Vector2( 19.9283, 19.6168 )
scale = Vector2( -1, 1 )
texture = ExtResource( 7 )
region_enabled = true
region_rect = Rect2( 128, 0, 16, 16 )
_sections_unfolded = [ "Animation", "Offset", "Region", "Transform" ]

[node name="#Bag" type="Label" parent="Bag" index="1"]

anchor_left = 0.5
anchor_top = 0.5
anchor_right = 0.5
anchor_bottom = 0.5
margin_left = -22.0
margin_top = -4.0
margin_right = 26.0
margin_bottom = 8.0
rect_pivot_offset = Vector2( 0, 0 )
rect_clip_content = false
mouse_filter = 2
mouse_default_cursor_shape = 0
size_flags_horizontal = 0
size_flags_vertical = 4
custom_fonts/font = ExtResource( 3 )
custom_colors/font_color = Color( 1, 1, 0, 1 )
text = "10"
align = 1
percent_visible = 1.0
lines_skipped = 0
max_lines_visible = -1
_sections_unfolded = [ "Anchor", "Rect", "custom_fonts" ]

[node name="AnimationPlayer" type="AnimationPlayer" parent="Bag" index="2"]

root_node = NodePath("..")
autoplay = "full"
playback_process_mode = 1
playback_default_blend_time = 0.0
playback_speed = 1.0
anims/empty = SubResource( 1 )
anims/full = SubResource( 2 )
blend_times = [  ]
_sections_unfolded = [ "Playback Options" ]

[node name="Cookies" type="Container" parent="." index="10"]

editor/display_folded = true
anchor_left = 0.0
anchor_top = 1.0
anchor_right = 0.0
anchor_bottom = 1.0
margin_left = 80.0
margin_top = -40.0
margin_right = 120.0
rect_pivot_offset = Vector2( 0, 0 )
rect_clip_content = false
mouse_filter = 2
mouse_default_cursor_shape = 0
size_flags_horizontal = 1
size_flags_vertical = 1
_sections_unfolded = [ "Rect" ]

[node name="Sprite" type="Sprite" parent="Cookies" index="0"]

scale = Vector2( 0.5, 0.5 )
texture = ExtResource( 6 )
offset = Vector2( 20, 40 )
region_enabled = true
region_rect = Rect2( 120, 320, 40, 40 )
_sections_unfolded = [ "Offset", "Region", "Transform" ]

[node name="#Cookies" type="Label" parent="Cookies" index="1"]

anchor_left = 0.0
anchor_top = 0.0
anchor_right = 0.0
anchor_bottom = 1.0
margin_left = 25.0
margin_top = 18.0
margin_right = 73.0
margin_bottom = -10.0
rect_pivot_offset = Vector2( 0, 0 )
rect_clip_content = false
mouse_filter = 2
mouse_default_cursor_shape = 0
size_flags_horizontal = 0
size_flags_vertical = 4
custom_fonts/font = ExtResource( 2 )
custom_colors/font_color = Color( 1, 1, 0, 1 )
text = "1/1"
percent_visible = 1.0
lines_skipped = 0
max_lines_visible = -1
_sections_unfolded = [ "Anchor", "Rect" ]

[node name="Milk" type="Container" parent="." index="11"]

editor/display_folded = true
anchor_left = 0.0
anchor_top = 1.0
anchor_right = 0.0
anchor_bottom = 1.0
margin_left = 160.0
margin_top = -40.0
margin_right = 200.0
rect_pivot_offset = Vector2( 0, 0 )
rect_clip_content = false
mouse_filter = 2
mouse_default_cursor_shape = 0
size_flags_horizontal = 1
size_flags_vertical = 1
_sections_unfolded = [ "Rect" ]

[node name="Sprite" type="Sprite" parent="Milk" index="0"]

scale = Vector2( 0.5, 0.5 )
texture = ExtResource( 6 )
offset = Vector2( 20, 40 )
region_enabled = true
region_rect = Rect2( 160, 320, 40, 40 )
_sections_unfolded = [ "Offset", "Region", "Transform" ]

[node name="#Milk" type="Label" parent="Milk" index="1"]

anchor_left = 0.0
anchor_top = 0.0
anchor_right = 0.0
anchor_bottom = 1.0
margin_left = 25.0
margin_top = 18.0
margin_right = 73.0
margin_bottom = -10.0
rect_pivot_offset = Vector2( 0, 0 )
rect_clip_content = false
mouse_filter = 2
mouse_default_cursor_shape = 0
size_flags_horizontal = 0
size_flags_vertical = 4
custom_fonts/font = ExtResource( 2 )
custom_colors/font_color = Color( 1, 1, 0, 1 )
text = "1/1"
percent_visible = 1.0
lines_skipped = 0
max_lines_visible = -1
_sections_unfolded = [ "Anchor", "Rect" ]

[node name="Coal" type="Container" parent="." index="12"]

editor/display_folded = true
anchor_left = 0.0
anchor_top = 1.0
anchor_right = 0.0
anchor_bottom = 1.0
margin_left = 240.0
margin_top = -40.0
margin_right = 280.0
rect_pivot_offset = Vector2( 0, 0 )
rect_clip_content = false
mouse_filter = 2
mouse_default_cursor_shape = 0
size_flags_horizontal = 1
size_flags_vertical = 1
_sections_unfolded = [ "Rect" ]

[node name="Sprite" type="Sprite" parent="Coal" index="0"]

scale = Vector2( 0.5, 0.5 )
texture = ExtResource( 6 )
offset = Vector2( 20, 40 )
region_enabled = true
region_rect = Rect2( 200, 320, 40, 40 )
_sections_unfolded = [ "Offset", "Region", "Transform" ]

[node name="#Coal" type="Label" parent="Coal" index="1"]

anchor_left = 0.0
anchor_top = 0.0
anchor_right = 0.0
anchor_bottom = 1.0
margin_left = 25.0
margin_top = 18.0
margin_right = 73.0
margin_bottom = -10.0
rect_pivot_offset = Vector2( 0, 0 )
rect_clip_content = false
mouse_filter = 2
mouse_default_cursor_shape = 0
size_flags_horizontal = 0
size_flags_vertical = 4
custom_fonts/font = ExtResource( 2 )
custom_colors/font_color = Color( 1, 1, 0, 1 )
text = "1/1"
percent_visible = 1.0
lines_skipped = 0
max_lines_visible = -1
_sections_unfolded = [ "Anchor", "Rect" ]

[node name="Lives" type="Container" parent="." index="13"]

editor/display_folded = true
anchor_left = 1.0
anchor_top = 1.0
anchor_right = 1.0
anchor_bottom = 1.0
margin_left = -40.0
margin_top = -40.0
rect_pivot_offset = Vector2( 0, 0 )
rect_clip_content = false
mouse_filter = 2
mouse_default_cursor_shape = 0
size_flags_horizontal = 1
size_flags_vertical = 1

[node name="S1" type="Sprite" parent="Lives" index="0"]

position = Vector2( 12.6359, 28.8965 )
scale = Vector2( 0.5, 0.5 )
texture = ExtResource( 7 )
region_enabled = true
region_rect = Rect2( 0, 0, 16, 16 )
_sections_unfolded = [ "Region", "Transform", "Z Index" ]

[node name="S2" type="Sprite" parent="Lives" index="1"]

position = Vector2( 20.471, 28.8965 )
scale = Vector2( 0.5, 0.5 )
texture = ExtResource( 7 )
region_enabled = true
region_rect = Rect2( 0, 0, 16, 16 )
_sections_unfolded = [ "Region", "Transform", "Z Index" ]

[node name="S3" type="Sprite" parent="Lives" index="2"]

position = Vector2( 28.3062, 28.7567 )
scale = Vector2( 0.5, 0.5 )
texture = ExtResource( 7 )
region_enabled = true
region_rect = Rect2( 0, 0, 16, 16 )
_sections_unfolded = [ "Region", "Transform", "Z Index" ]

[node name="Magic" type="Container" parent="." index="14"]

editor/display_folded = true
anchor_left = 0.5
anchor_top = 0.0
anchor_right = 0.5
anchor_bottom = 0.0
margin_left = -20.0
margin_top = 15.0
margin_right = 20.0
margin_bottom = 55.0
rect_pivot_offset = Vector2( 0, 0 )
rect_clip_content = false
mouse_filter = 0
mouse_default_cursor_shape = 0
size_flags_horizontal = 1
size_flags_vertical = 1

[node name="Recall" type="TextureButton" parent="Magic" index="0"]

anchor_left = 0.5
anchor_top = 0.0
anchor_right = 0.5
anchor_bottom = 0.0
margin_left = -20.0
margin_right = 20.0
margin_bottom = 40.0
rect_pivot_offset = Vector2( 0, 0 )
rect_clip_content = false
focus_mode = 2
mouse_filter = 0
mouse_default_cursor_shape = 0
size_flags_horizontal = 1
size_flags_vertical = 1
toggle_mode = false
enabled_focus_mode = 2
shortcut = null
group = null
texture_normal = ExtResource( 8 )
texture_pressed = ExtResource( 9 )
_sections_unfolded = [ "Mouse", "Textures" ]

[node name="Container" type="Container" parent="." index="15"]

editor/display_folded = true
anchor_left = 0.0
anchor_top = 0.0
anchor_right = 0.0
anchor_bottom = 0.0
margin_right = 40.0
margin_bottom = 40.0
rect_pivot_offset = Vector2( 0, 0 )
rect_clip_content = false
mouse_filter = 0
mouse_default_cursor_shape = 0
size_flags_horizontal = 1
size_flags_vertical = 1

[node name="$Level" type="Label" parent="Container" index="0"]

anchor_left = 0.0
anchor_top = 0.0
anchor_right = 1.0
anchor_bottom = 0.0
margin_left = 59.0
margin_right = 378.0
margin_bottom = 14.0
rect_pivot_offset = Vector2( 0, 0 )
rect_clip_content = false
mouse_filter = 2
mouse_default_cursor_shape = 0
size_flags_horizontal = 1
size_flags_vertical = 4
custom_fonts/font = ExtResource( 3 )
text = "Level 0 : Street Name"
align = 1
valign = 1
percent_visible = 1.0
lines_skipped = 0
max_lines_visible = -1
_sections_unfolded = [ "custom_fonts" ]

[connection signal="button_down" from="Magic/Recall" to="." method="_on_Recall_button_down"]

[connection signal="button_up" from="Magic/Recall" to="." method="_on_Recall_button_up"]


